<record><leader>00000cas a22000007a 4500</leader><controlfield tag="001">14581584</controlfield><controlfield tag="008">861031d1860186ulauwr ne      0    0eng d</controlfield><datafield ind1=" " ind2=" " tag="010"><subfield code="a">sn 86053836 </subfield></datafield><datafield ind1=" " ind2=" " tag="040"><subfield code="a">NPX</subfield><subfield code="b">eng</subfield><subfield code="c">NPX</subfield><subfield code="d">OCLCQ</subfield></datafield><datafield ind1=" " ind2=" " tag="042"><subfield code="a">msc</subfield></datafield><datafield ind1="0" ind2=" " tag="130"><subfield code="a">Madison Democrat (Richmond, La.)</subfield></datafield><datafield ind1="1" ind2="4" tag="245"><subfield code="a">The Madison Democrat.</subfield></datafield><datafield ind1=" " ind2=" " tag="260"><subfield code="a">Richmond, La. :</subfield><subfield code="b">A.L. Lennard</subfield></datafield><datafield ind1=" " ind2=" " tag="300"><subfield code="a">v.</subfield></datafield><datafield ind1=" " ind2=" " tag="310"><subfield code="a">Weekly</subfield></datafield><datafield ind1="1" ind2=" " tag="362"><subfield code="a">Began in 1860.</subfield><subfield code="z">Cf. Gregory, W. Amer. newspapers.</subfield></datafield><datafield ind1=" " ind2=" " tag="500"><subfield code="a">Proprietor: Lennard, &amp; Bro., &lt;1861&gt;.</subfield></datafield><datafield ind1=" " ind2=" " tag="500"><subfield code="a">Editor: Amos L. Lennard, &lt;1861&gt;.</subfield></datafield><datafield ind1=" " ind2=" " tag="588"><subfield code="a">Description based on: Vol. 2, no. 12 (Apr. 4, 1861).</subfield></datafield><datafield ind1=" " ind2=" " tag="752"><subfield code="a">United States</subfield><subfield code="b">Louisiana</subfield><subfield code="c">Madison</subfield><subfield code="d">Richmond.</subfield></datafield><datafield ind1="1" ind2=" " tag="029"><subfield code="a">AU@</subfield><subfield code="b">000025796059</subfield></datafield></record>